0088
#+begin_src python
{
│   'info': {'a': '1550089', 'p': '0.00010980', 'q': '34.85000000', 'f': '2157002', 'l': '2157002', 'T': '1686648343311', 'm': True, 'M': True},
│   'timestamp': 1686648343311,
│   'datetime': '2023-06-13T09:25:43.311Z',
│   'symbol': 'BOND/BTC',
│   'id': '1550089',
│   'side': 'sell',
│   'price': 0.0001098,
│   'amount': 34.85,
│   'cost': 0.00382653
}
{
│   'info': {'a': '1550090', 'p': '0.00010920', 'q': '294.27000000', 'f': '2157003', 'l': '2157003', 'T': '1686648343311', 'm': True, 'M': True},
│   'timestamp': 1686648343311,
│   'datetime': '2023-06-13T09:25:43.311Z',
│   'symbol': 'BOND/BTC',
│   'id': '1550090',
│   'side': 'sell',
│   'price': 0.0001092,
│   'amount': 294.27,
│   'cost': 0.032134284
}
{
│   'info': {'a': '1550091', 'p': '0.00010910', 'q': '105.43000000', 'f': '2157004', 'l': '2157004', 'T': '1686648343311', 'm': True, 'M': True},
│   'timestamp': 1686648343311,
│   'datetime': '2023-06-13T09:25:43.311Z',
│   'symbol': 'BOND/BTC',
│   'id': '1550091',
│   'side': 'sell',
│   'price': 0.0001091,
│   'amount': 105.43,
│   'cost': 0.011502413
}
{
│   'info': {'a': '1550092', 'p': '0.00010900', 'q': '352.75000000', 'f': '2157005', 'l': '2157006', 'T': '1686648343311', 'm': True, 'M': True},
│   'timestamp': 1686648343311,
│   'datetime': '2023-06-13T09:25:43.311Z',
│   'symbol': 'BOND/BTC',
│   'id': '1550092',
│   'side': 'sell',
│   'price': 0.000109,
│   'amount': 352.75,
│   'cost': 0.03844975
}
{
│   'info': {'a': '1550093', 'p': '0.00010840', 'q': '99.05000000', 'f': '2157007', 'l': '2157016', 'T': '1686648343311', 'm': True, 'M': True},
│   'timestamp': 1686648343311,
│   'datetime': '2023-06-13T09:25:43.311Z',
│   'symbol': 'BOND/BTC',
│   'id': '1550093',
│   'side': 'sell',
│   'price': 0.0001084,
│   'amount': 99.05,
│   'cost': 0.01073702
}
{
│   'info': {'a': '1550094', 'p': '0.00010820', 'q': '1531.02000000', 'f': '2157017', 'l': '2157019', 'T': '1686648343311', 'm': True, 'M': True},
│   'timestamp': 1686648343311,
│   'datetime': '2023-06-13T09:25:43.311Z',
│   'symbol': 'BOND/BTC',
│   'id': '1550094',
│   'side': 'sell',
│   'price': 0.0001082,
│   'amount': 1531.02,
│   'cost': 0.165656364
}
{
│   'info': {'a': '1550095', 'p': '0.00010800', 'q': '42.83000000', 'f': '2157020', 'l': '2157020', 'T': '1686648343311', 'm': True, 'M': True},
│   'timestamp': 1686648343311,
│   'datetime': '2023-06-13T09:25:43.311Z',
│   'symbol': 'BOND/BTC',
│   'id': '1550095',
│   'side': 'sell',
│   'price': 0.000108,
│   'amount': 42.83,
│   'cost': 0.00462564
}
{
│   'info': {'a': '1550096', 'p': '0.00010780', 'q': '45.91000000', 'f': '2157021', 'l': '2157021', 'T': '1686648343311', 'm': True, 'M': True},
│   'timestamp': 1686648343311,
│   'datetime': '2023-06-13T09:25:43.311Z',
│   'symbol': 'BOND/BTC',
│   'id': '1550096',
│   'side': 'sell',
│   'price': 0.0001078,
│   'amount': 45.91,
│   'cost': 0.004949098
}
{
│   'info': {'a': '1550097', 'p': '0.00010770', 'q': '17.61000000', 'f': '2157022', 'l': '2157022', 'T': '1686648343311', 'm': True, 'M': True},
│   'timestamp': 1686648343311,
│   'datetime': '2023-06-13T09:25:43.311Z',
│   'symbol': 'BOND/BTC',
│   'id': '1550097',
│   'side': 'sell',
│   'price': 0.0001077,
│   'amount': 17.61,
│   'cost': 0.001896597
}
{
│   'info': {'a': '1550098', 'p': '0.00010740', 'q': '35.58000000', 'f': '2157023', 'l': '2157023', 'T': '1686648343311', 'm': True, 'M': True},
│   'timestamp': 1686648343311,
│   'datetime': '2023-06-13T09:25:43.311Z',
│   'symbol': 'BOND/BTC',
│   'id': '1550098',
│   'side': 'sell',
│   'price': 0.0001074,
│   'amount': 35.58,
│   'cost': 0.003821292
}
{
│   'info': {'a': '1550099', 'p': '0.00010710', 'q': '3.73000000', 'f': '2157024', 'l': '2157024', 'T': '1686648343311', 'm': True, 'M': True},
│   'timestamp': 1686648343311,
│   'datetime': '2023-06-13T09:25:43.311Z',
│   'symbol': 'BOND/BTC',
│   'id': '1550099',
│   'side': 'sell',
│   'price': 0.0001071,
│   'amount': 3.73,
│   'cost': 0.000399483
}
{
│   'info': {'a': '1550100', 'p': '0.00010670', 'q': '167.01000000', 'f': '2157025', 'l': '2157025', 'T': '1686648343311', 'm': True, 'M': True},
│   'timestamp': 1686648343311,
│   'datetime': '2023-06-13T09:25:43.311Z',
│   'symbol': 'BOND/BTC',
│   'id': '1550100',
│   'side': 'sell',
│   'price': 0.0001067,
│   'amount': 167.01,
│   'cost': 0.017819967
}
{
│   'info': {'a': '1550101', 'p': '0.00010650', 'q': '278.87000000', 'f': '2157026', 'l': '2157035', 'T': '1686648343311', 'm': True, 'M': True},
│   'timestamp': 1686648343311,
│   'datetime': '2023-06-13T09:25:43.311Z',
│   'symbol': 'BOND/BTC',
│   'id': '1550101',
│   'side': 'sell',
│   'price': 0.0001065,
│   'amount': 278.87,
│   'cost': 0.029699655
}
{
│   'info': {'a': '1550102', 'p': '0.00010640', 'q': '13.95000000', 'f': '2157036', 'l': '2157036', 'T': '1686648343311', 'm': True, 'M': True},
│   'timestamp': 1686648343311,
│   'datetime': '2023-06-13T09:25:43.311Z',
│   'symbol': 'BOND/BTC',
│   'id': '1550102',
│   'side': 'sell',
│   'price': 0.0001064,
│   'amount': 13.95,
│   'cost': 0.00148428
}
{
│   'info': {'a': '1550103', 'p': '0.00010630', 'q': '79.82000000', 'f': '2157037', 'l': '2157037', 'T': '1686648343311', 'm': True, 'M': True},
│   'timestamp': 1686648343311,
│   'datetime': '2023-06-13T09:25:43.311Z',
│   'symbol': 'BOND/BTC',
│   'id': '1550103',
│   'side': 'sell',
│   'price': 0.0001063,
│   'amount': 79.82,
│   'cost': 0.008484866
}
{
│   'info': {'a': '1550104', 'p': '0.00010620', 'q': '14.36000000', 'f': '2157038', 'l': '2157038', 'T': '1686648343311', 'm': True, 'M': True},
│   'timestamp': 1686648343311,
│   'datetime': '2023-06-13T09:25:43.311Z',
│   'symbol': 'BOND/BTC',
│   'id': '1550104',
│   'side': 'sell',
│   'price': 0.0001062,
│   'amount': 14.36,
│   'cost': 0.001525032
}
{
│   'info': {'a': '1550105', 'p': '0.00010610', 'q': '145.71000000', 'f': '2157039', 'l': '2157040', 'T': '1686648343311', 'm': True, 'M': True},
│   'timestamp': 1686648343311,
│   'datetime': '2023-06-13T09:25:43.311Z',
│   'symbol': 'BOND/BTC',
│   'id': '1550105',
│   'side': 'sell',
│   'price': 0.0001061,
│   'amount': 145.71,
│   'cost': 0.015459831
}
{
│   'info': {'a': '1550106', 'p': '0.00010600', 'q': '50.74000000', 'f': '2157041', 'l': '2157042', 'T': '1686648343311', 'm': True, 'M': True},
│   'timestamp': 1686648343311,
│   'datetime': '2023-06-13T09:25:43.311Z',
│   'symbol': 'BOND/BTC',
│   'id': '1550106',
│   'side': 'sell',
│   'price': 0.000106,
│   'amount': 50.74,
│   'cost': 0.00537844
}
{
│   'info': {'a': '1550107', 'p': '0.00010580', 'q': '195.76000000', 'f': '2157043', 'l': '2157043', 'T': '1686648343311', 'm': True, 'M': True},
│   'timestamp': 1686648343311,
│   'datetime': '2023-06-13T09:25:43.311Z',
│   'symbol': 'BOND/BTC',
│   'id': '1550107',
│   'side': 'sell',
│   'price': 0.0001058,
│   'amount': 195.76,
│   'cost': 0.020711408
}
{
│   'info': {'a': '1550108', 'p': '0.00010570', 'q': '93.95000000', 'f': '2157044', 'l': '2157045', 'T': '1686648343311', 'm': True, 'M': True},
│   'timestamp': 1686648343311,
│   'datetime': '2023-06-13T09:25:43.311Z',
│   'symbol': 'BOND/BTC',
│   'id': '1550108',
│   'side': 'sell',
│   'price': 0.0001057,
│   'amount': 93.95,
│   'cost': 0.009930515
}
{
│   'info': {'a': '1550109', 'p': '0.00010560', 'q': '4.73000000', 'f': '2157046', 'l': '2157050', 'T': '1686648343311', 'm': True, 'M': True},
│   'timestamp': 1686648343311,
│   'datetime': '2023-06-13T09:25:43.311Z',
│   'symbol': 'BOND/BTC',
│   'id': '1550109',
│   'side': 'sell',
│   'price': 0.0001056,
│   'amount': 4.73,
│   'cost': 0.000499488
}
{
│   'info': {'a': '1550110', 'p': '0.00010550', 'q': '476.40000000', 'f': '2157051', 'l': '2157062', 'T': '1686648343311', 'm': True, 'M': True},
│   'timestamp': 1686648343311,
│   'datetime': '2023-06-13T09:25:43.311Z',
│   'symbol': 'BOND/BTC',
│   'id': '1550110',
│   'side': 'sell',
│   'price': 0.0001055,
│   'amount': 476.4,
│   'cost': 0.0502602
}
{
│   'info': {'a': '1550111', 'p': '0.00010540', 'q': '257.90000000', 'f': '2157063', 'l': '2157063', 'T': '1686648343311', 'm': True, 'M': True},
│   'timestamp': 1686648343311,
│   'datetime': '2023-06-13T09:25:43.311Z',
│   'symbol': 'BOND/BTC',
│   'id': '1550111',
│   'side': 'sell',
│   'price': 0.0001054,
│   'amount': 257.9,
│   'cost': 0.02718266
}
{
│   'info': {'a': '1550112', 'p': '0.00010520', 'q': '94.62000000', 'f': '2157064', 'l': '2157064', 'T': '1686648343311', 'm': True, 'M': True},
│   'timestamp': 1686648343311,
│   'datetime': '2023-06-13T09:25:43.311Z',
│   'symbol': 'BOND/BTC',
│   'id': '1550112',
│   'side': 'sell',
│   'price': 0.0001052,
│   'amount': 94.62,
│   'cost': 0.009954024
}
{
│   'info': {'a': '1550113', 'p': '0.00010510', 'q': '2214.25000000', 'f': '2157065', 'l': '2157077', 'T': '1686648343311', 'm': True, 'M': True},
│   'timestamp': 1686648343311,
│   'datetime': '2023-06-13T09:25:43.311Z',
│   'symbol': 'BOND/BTC',
│   'id': '1550113',
│   'side': 'sell',
│   'price': 0.0001051,
│   'amount': 2214.25,
│   'cost': 0.232717675
}
{
│   'info': {'a': '1550114', 'p': '0.00010490', 'q': '103.81000000', 'f': '2157078', 'l': '2157087', 'T': '1686648343311', 'm': True, 'M': True},
│   'timestamp': 1686648343311,
│   'datetime': '2023-06-13T09:25:43.311Z',
│   'symbol': 'BOND/BTC',
│   'id': '1550114',
│   'side': 'sell',
│   'price': 0.0001049,
│   'amount': 103.81,
│   'cost': 0.010889669
}
{
│   'info': {'a': '1550115', 'p': '0.00010460', 'q': '1150.94000000', 'f': '2157088', 'l': '2157088', 'T': '1686648343311', 'm': True, 'M': True},
│   'timestamp': 1686648343311,
│   'datetime': '2023-06-13T09:25:43.311Z',
│   'symbol': 'BOND/BTC',
│   'id': '1550115',
│   'side': 'sell',
│   'price': 0.0001046,
│   'amount': 1150.94,
│   'cost': 0.120388324
}
{
│   'info': {'a': '1550116', 'p': '0.00010430', 'q': '95.87000000', 'f': '2157089', 'l': '2157089', 'T': '1686648343311', 'm': True, 'M': True},
│   'timestamp': 1686648343311,
│   'datetime': '2023-06-13T09:25:43.311Z',
│   'symbol': 'BOND/BTC',
│   'id': '1550116',
│   'side': 'sell',
│   'price': 0.0001043,
│   'amount': 95.87,
│   'cost': 0.009999241
}
{
│   'info': {'a': '1550117', 'p': '0.00010410', 'q': '245.30000000', 'f': '2157090', 'l': '2157091', 'T': '1686648343311', 'm': True, 'M': True},
│   'timestamp': 1686648343311,
│   'datetime': '2023-06-13T09:25:43.311Z',
│   'symbol': 'BOND/BTC',
│   'id': '1550117',
│   'side': 'sell',
│   'price': 0.0001041,
│   'amount': 245.3,
│   'cost': 0.02553573
}
{
│   'info': {'a': '1550118', 'p': '0.00010380', 'q': '1052.94000000', 'f': '2157092', 'l': '2157092', 'T': '1686648343311', 'm': True, 'M': True},
│   'timestamp': 1686648343311,
│   'datetime': '2023-06-13T09:25:43.311Z',
│   'symbol': 'BOND/BTC',
│   'id': '1550118',
│   'side': 'sell',
│   'price': 0.0001038,
│   'amount': 1052.94,
│   'cost': 0.109295172
}
{
│   'info': {'a': '1550119', 'p': '0.00010350', 'q': '482.24000000', 'f': '2157093', 'l': '2157093', 'T': '1686648343311', 'm': True, 'M': True},
│   'timestamp': 1686648343311,
│   'datetime': '2023-06-13T09:25:43.311Z',
│   'symbol': 'BOND/BTC',
│   'id': '1550119',
│   'side': 'sell',
│   'price': 0.0001035,
│   'amount': 482.24,
│   'cost': 0.04991184
}
{
│   'info': {'a': '1550120', 'p': '0.00010340', 'q': '95.70000000', 'f': '2157094', 'l': '2157094', 'T': '1686648343311', 'm': True, 'M': True},
│   'timestamp': 1686648343311,
│   'datetime': '2023-06-13T09:25:43.311Z',
│   'symbol': 'BOND/BTC',
│   'id': '1550120',
│   'side': 'sell',
│   'price': 0.0001034,
│   'amount': 95.7,
│   'cost': 0.00989538
}
{
│   'info': {'a': '1550121', 'p': '0.00010310', 'q': '1159.00000000', 'f': '2157095', 'l': '2157095', 'T': '1686648343311', 'm': True, 'M': True},
│   'timestamp': 1686648343311,
│   'datetime': '2023-06-13T09:25:43.311Z',
│   'symbol': 'BOND/BTC',
│   'id': '1550121',
│   'side': 'sell',
│   'price': 0.0001031,
│   'amount': 1159.0,
│   'cost': 0.1194929
}
{
│   'info': {'a': '1550122', 'p': '0.00010280', 'q': '486.80000000', 'f': '2157096', 'l': '2157097', 'T': '1686648343311', 'm': True, 'M': True},
│   'timestamp': 1686648343311,
│   'datetime': '2023-06-13T09:25:43.311Z',
│   'symbol': 'BOND/BTC',
│   'id': '1550122',
│   'side': 'sell',
│   'price': 0.0001028,
│   'amount': 486.8,
│   'cost': 0.05004304
}
{
│   'info': {'a': '1550123', 'p': '0.00010240', 'q': '1.27000000', 'f': '2157098', 'l': '2157098', 'T': '1686648343311', 'm': True, 'M': True},
│   'timestamp': 1686648343311,
│   'datetime': '2023-06-13T09:25:43.311Z',
│   'symbol': 'BOND/BTC',
│   'id': '1550123',
│   'side': 'sell',
│   'price': 0.0001024,
│   'amount': 1.27,
│   'cost': 0.000130048
}
{
│   'info': {'a': '1550124', 'p': '0.00010230', 'q': '244.37000000', 'f': '2157099', 'l': '2157099', 'T': '1686648343311', 'm': True, 'M': True},
│   'timestamp': 1686648343311,
│   'datetime': '2023-06-13T09:25:43.311Z',
│   'symbol': 'BOND/BTC',
│   'id': '1550124',
│   'side': 'sell',
│   'price': 0.0001023,
│   'amount': 244.37,
│   'cost': 0.024999051
}
{
│   'info': {'a': '1550125', 'p': '0.00010220', 'q': '82.00000000', 'f': '2157100', 'l': '2157100', 'T': '1686648343311', 'm': True, 'M': True},
│   'timestamp': 1686648343311,
│   'datetime': '2023-06-13T09:25:43.311Z',
│   'symbol': 'BOND/BTC',
│   'id': '1550125',
│   'side': 'sell',
│   'price': 0.0001022,
│   'amount': 82.0,
│   'cost': 0.0083804
}
{
│   'info': {'a': '1550126', 'p': '0.00010180', 'q': '1.28000000', 'f': '2157101', 'l': '2157101', 'T': '1686648343311', 'm': True, 'M': True},
│   'timestamp': 1686648343311,
│   'datetime': '2023-06-13T09:25:43.311Z',
│   'symbol': 'BOND/BTC',
│   'id': '1550126',
│   'side': 'sell',
│   'price': 0.0001018,
│   'amount': 1.28,
│   'cost': 0.000130304
}
{
│   'info': {'a': '1550127', 'p': '0.00010140', 'q': '1.29000000', 'f': '2157102', 'l': '2157102', 'T': '1686648343311', 'm': True, 'M': True},
│   'timestamp': 1686648343311,
│   'datetime': '2023-06-13T09:25:43.311Z',
│   'symbol': 'BOND/BTC',
│   'id': '1550127',
│   'side': 'sell',
│   'price': 0.0001014,
│   'amount': 1.29,
│   'cost': 0.000130806
}
{
│   'info': {'a': '1550128', 'p': '0.00010130', 'q': '3.40000000', 'f': '2157103', 'l': '2157103', 'T': '1686648343311', 'm': True, 'M': True},
│   'timestamp': 1686648343311,
│   'datetime': '2023-06-13T09:25:43.311Z',
│   'symbol': 'BOND/BTC',
│   'id': '1550128',
│   'side': 'sell',
│   'price': 0.0001013,
│   'amount': 3.4,
│   'cost': 0.00034442
}
{
│   'info': {'a': '1550129', 'p': '0.00010110', 'q': '1.08000000', 'f': '2157104', 'l': '2157104', 'T': '1686648343311', 'm': True, 'M': True},
│   'timestamp': 1686648343311,
│   'datetime': '2023-06-13T09:25:43.311Z',
│   'symbol': 'BOND/BTC',
│   'id': '1550129',
│   'side': 'sell',
│   'price': 0.0001011,
│   'amount': 1.08,
│   'cost': 0.000109188
}
{
│   'info': {'a': '1550130', 'p': '0.00010100', 'q': '340.98000000', 'f': '2157105', 'l': '2157114', 'T': '1686648343311', 'm': True, 'M': True},
│   'timestamp': 1686648343311,
│   'datetime': '2023-06-13T09:25:43.311Z',
│   'symbol': 'BOND/BTC',
│   'id': '1550130',
│   'side': 'sell',
│   'price': 0.000101,
│   'amount': 340.98,
│   'cost': 0.03443898
}
{
│   'info': {'a': '1550131', 'p': '0.00010070', 'q': '1.30000000', 'f': '2157115', 'l': '2157115', 'T': '1686648343311', 'm': True, 'M': True},
│   'timestamp': 1686648343311,
│   'datetime': '2023-06-13T09:25:43.311Z',
│   'symbol': 'BOND/BTC',
│   'id': '1550131',
│   'side': 'sell',
│   'price': 0.0001007,
│   'amount': 1.3,
│   'cost': 0.00013091
}
{
│   'info': {'a': '1550132', 'p': '0.00010050', 'q': '1872.72000000', 'f': '2157116', 'l': '2157117', 'T': '1686648343311', 'm': True, 'M': True},
│   'timestamp': 1686648343311,
│   'datetime': '2023-06-13T09:25:43.311Z',
│   'symbol': 'BOND/BTC',
│   'id': '1550132',
│   'side': 'sell',
│   'price': 0.0001005,
│   'amount': 1872.72,
│   'cost': 0.18820836
}
{
│   'info': {'a': '1550133', 'p': '0.00010040', 'q': '497.13000000', 'f': '2157118', 'l': '2157118', 'T': '1686648343311', 'm': True, 'M': True},
│   'timestamp': 1686648343311,
│   'datetime': '2023-06-13T09:25:43.311Z',
│   'symbol': 'BOND/BTC',
│   'id': '1550133',
│   'side': 'sell',
│   'price': 0.0001004,
│   'amount': 497.13,
│   'cost': 0.049911852
}
{
│   'info': {'a': '1550134', 'p': '0.00010030', 'q': '1.30000000', 'f': '2157119', 'l': '2157119', 'T': '1686648343311', 'm': True, 'M': True},
│   'timestamp': 1686648343311,
│   'datetime': '2023-06-13T09:25:43.311Z',
│   'symbol': 'BOND/BTC',
│   'id': '1550134',
│   'side': 'sell',
│   'price': 0.0001003,
│   'amount': 1.3,
│   'cost': 0.00013039
}
{
│   'info': {'a': '1550135', 'p': '0.00010000', 'q': '3.25000000', 'f': '2157120', 'l': '2157121', 'T': '1686648343311', 'm': True, 'M': True},
│   'timestamp': 1686648343311,
│   'datetime': '2023-06-13T09:25:43.311Z',
│   'symbol': 'BOND/BTC',
│   'id': '1550135',
│   'side': 'sell',
│   'price': 0.0001,
│   'amount': 3.25,
│   'cost': 0.000325
}
{
│   'info': {'a': '1550136', 'p': '0.00009920', 'q': '25.84000000', 'f': '2157122', 'l': '2157122', 'T': '1686648343311', 'm': True, 'M': True},
│   'timestamp': 1686648343311,
│   'datetime': '2023-06-13T09:25:43.311Z',
│   'symbol': 'BOND/BTC',
│   'id': '1550136',
│   'side': 'sell',
│   'price': 9.92e-05,
│   'amount': 25.84,
│   'cost': 0.002563328
}
{
│   'info': {'a': '1550137', 'p': '0.00009870', 'q': '560.00000000', 'f': '2157123', 'l': '2157123', 'T': '1686648343311', 'm': True, 'M': True},
│   'timestamp': 1686648343311,
│   'datetime': '2023-06-13T09:25:43.311Z',
│   'symbol': 'BOND/BTC',
│   'id': '1550137',
│   'side': 'sell',
│   'price': 9.87e-05,
│   'amount': 560.0,
│   'cost': 0.055272
}
{
│   'info': {'a': '1550138', 'p': '0.00009860', 'q': '1.32000000', 'f': '2157124', 'l': '2157124', 'T': '1686648343311', 'm': True, 'M': True},
│   'timestamp': 1686648343311,
│   'datetime': '2023-06-13T09:25:43.311Z',
│   'symbol': 'BOND/BTC',
│   'id': '1550138',
│   'side': 'sell',
│   'price': 9.86e-05,
│   'amount': 1.32,
│   'cost': 0.000130152
}
{
│   'info': {'a': '1550139', 'p': '0.00009810', 'q': '1.02000000', 'f': '2157125', 'l': '2157125', 'T': '1686648343311', 'm': True, 'M': True},
│   'timestamp': 1686648343311,
│   'datetime': '2023-06-13T09:25:43.311Z',
│   'symbol': 'BOND/BTC',
│   'id': '1550139',
│   'side': 'sell',
│   'price': 9.81e-05,
│   'amount': 1.02,
│   'cost': 0.000100062
}
{
│   'info': {'a': '1550140', 'p': '0.00009370', 'q': '106.72000000', 'f': '2157126', 'l': '2157126', 'T': '1686648343311', 'm': True, 'M': True},
│   'timestamp': 1686648343311,
│   'datetime': '2023-06-13T09:25:43.311Z',
│   'symbol': 'BOND/BTC',
│   'id': '1550140',
│   'side': 'sell',
│   'price': 9.37e-05,
│   'amount': 106.72,
│   'cost': 0.009999664
}
{
│   'info': {'a': '1550141', 'p': '0.00009080', 'q': '219.87000000', 'f': '2157127', 'l': '2157127', 'T': '1686648343311', 'm': True, 'M': True},
│   'timestamp': 1686648343311,
│   'datetime': '2023-06-13T09:25:43.311Z',
│   'symbol': 'BOND/BTC',
│   'id': '1550141',
│   'side': 'sell',
│   'price': 9.08e-05,
│   'amount': 219.87,
│   'cost': 0.019964196
}
{
│   'info': {'a': '1550142', 'p': '0.00009030', 'q': '9.07000000', 'f': '2157128', 'l': '2157128', 'T': '1686648343311', 'm': True, 'M': True},
│   'timestamp': 1686648343311,
│   'datetime': '2023-06-13T09:25:43.311Z',
│   'symbol': 'BOND/BTC',
│   'id': '1550142',
│   'side': 'sell',
│   'price': 9.03e-05,
│   'amount': 9.07,
│   'cost': 0.000819021
}
{
│   'info': {'a': '1550143', 'p': '0.00008920', 'q': '6188.42000000', 'f': '2157129', 'l': '2157138', 'T': '1686648343311', 'm': True, 'M': True},
│   'timestamp': 1686648343311,
│   'datetime': '2023-06-13T09:25:43.311Z',
│   'symbol': 'BOND/BTC',
│   'id': '1550143',
│   'side': 'sell',
│   'price': 8.92e-05,
│   'amount': 6188.42,
│   'cost': 0.552007064
}
{
│   'info': {'a': '1550144', 'p': '0.00008800', 'q': '4313.03000000', 'f': '2157139', 'l': '2157140', 'T': '1686648343311', 'm': True, 'M': True},
│   'timestamp': 1686648343311,
│   'datetime': '2023-06-13T09:25:43.311Z',
│   'symbol': 'BOND/BTC',
│   'id': '1550144',
│   'side': 'sell',
│   'price': 8.8e-05,
│   'amount': 4313.03,
│   'cost': 0.37954664
}

total_cost=2.54 BTC
#+end_src
